%YAML 1.1
%TAG !u! tag:unity3d.com,2011:
--- !u!1 &132504131206510449
GameObject:
  m_ObjectHideFlags: 0
  m_CorrespondingSourceObject: {fileID: 0}
  m_PrefabInstance: {fileID: 0}
  m_PrefabAsset: {fileID: 0}
  serializedVersion: 6
  m_Component:
  - component: {fileID: 1297109348434320443}
  - component: {fileID: 5249214412119538855}
  - component: {fileID: 5818094737399709118}
  m_Layer: 0
  m_Name: RST_DoorTrigger(Clone)
  m_TagString: Untagged
  m_Icon: {fileID: 0}
  m_NavMeshLayer: 0
  m_StaticEditorFlags: 0
  m_IsActive: 1
--- !u!4 &1297109348434320443
Transform:
  m_ObjectHideFlags: 0
  m_CorrespondingSourceObject: {fileID: 0}
  m_PrefabInstance: {fileID: 0}
  m_PrefabAsset: {fileID: 0}
  m_GameObject: {fileID: 132504131206510449}
  serializedVersion: 2
  m_LocalRotation: {x: 0, y: -1, z: -0, w: -0.0000005215406}
  m_LocalPosition: {x: 5.7490077, y: 0.39000082, z: -7.054994}
  m_LocalScale: {x: 1, y: 1, z: 1}
  m_ConstrainProportionsScale: 0
  m_Children: []
  m_Father: {fileID: 3060765738981960212}
  m_LocalEulerAnglesHint: {x: 0, y: 0, z: 0}
--- !u!114 &5249214412119538855
MonoBehaviour:
  m_ObjectHideFlags: 0
  m_CorrespondingSourceObject: {fileID: 0}
  m_PrefabInstance: {fileID: 0}
  m_PrefabAsset: {fileID: 0}
  m_GameObject: {fileID: 132504131206510449}
  m_Enabled: 1
  m_EditorHideFlags: 0
  m_Script: {fileID: 11500000, guid: 589cefcdf04290e4e91e43666044c586, type: 3}
  m_Name: 
  m_EditorClassIdentifier: 
--- !u!65 &5818094737399709118
BoxCollider:
  m_ObjectHideFlags: 0
  m_CorrespondingSourceObject: {fileID: 0}
  m_PrefabInstance: {fileID: 0}
  m_PrefabAsset: {fileID: 0}
  m_GameObject: {fileID: 132504131206510449}
  m_Material: {fileID: 0}
  m_IncludeLayers:
    serializedVersion: 2
    m_Bits: 0
  m_ExcludeLayers:
    serializedVersion: 2
    m_Bits: 0
  m_LayerOverridePriority: 0
  m_IsTrigger: 1
  m_ProvidesContacts: 0
  m_Enabled: 1
  serializedVersion: 3
  m_Size: {x: 1.9, y: 2.8144822, z: 0.3513715}
  m_Center: {x: 0, y: 1.407241, z: 0}
--- !u!1 &231220561690852069
GameObject:
  m_ObjectHideFlags: 0
  m_CorrespondingSourceObject: {fileID: 0}
  m_PrefabInstance: {fileID: 0}
  m_PrefabAsset: {fileID: 0}
  serializedVersion: 6
  m_Component:
  - component: {fileID: 1510190828501885731}
  - component: {fileID: 818134281915946263}
  - component: {fileID: 5356095153948147512}
  m_Layer: 0
  m_Name: RST_DoorTrigger(Clone)
  m_TagString: Untagged
  m_Icon: {fileID: 0}
  m_NavMeshLayer: 0
  m_StaticEditorFlags: 0
  m_IsActive: 1
--- !u!4 &1510190828501885731
Transform:
  m_ObjectHideFlags: 0
  m_CorrespondingSourceObject: {fileID: 0}
  m_PrefabInstance: {fileID: 0}
  m_PrefabAsset: {fileID: 0}
  m_GameObject: {fileID: 231220561690852069}
  serializedVersion: 2
  m_LocalRotation: {x: 0, y: -0.70710605, z: -0, w: -0.7071076}
  m_LocalPosition: {x: 9.221996, y: 0.38999963, z: 3.4890099}
  m_LocalScale: {x: 1, y: 1, z: 1}
  m_ConstrainProportionsScale: 0
  m_Children: []
  m_Father: {fileID: 3060765738981960212}
  m_LocalEulerAnglesHint: {x: 0, y: -90, z: -90}
--- !u!114 &818134281915946263
MonoBehaviour:
  m_ObjectHideFlags: 0
  m_CorrespondingSourceObject: {fileID: 0}
  m_PrefabInstance: {fileID: 0}
  m_PrefabAsset: {fileID: 0}
  m_GameObject: {fileID: 231220561690852069}
  m_Enabled: 1
  m_EditorHideFlags: 0
  m_Script: {fileID: 11500000, guid: 589cefcdf04290e4e91e43666044c586, type: 3}
  m_Name: 
  m_EditorClassIdentifier: 
--- !u!65 &5356095153948147512
BoxCollider:
  m_ObjectHideFlags: 0
  m_CorrespondingSourceObject: {fileID: 0}
  m_PrefabInstance: {fileID: 0}
  m_PrefabAsset: {fileID: 0}
  m_GameObject: {fileID: 231220561690852069}
  m_Material: {fileID: 0}
  m_IncludeLayers:
    serializedVersion: 2
    m_Bits: 0
  m_ExcludeLayers:
    serializedVersion: 2
    m_Bits: 0
  m_LayerOverridePriority: 0
  m_IsTrigger: 1
  m_ProvidesContacts: 0
  m_Enabled: 1
  serializedVersion: 3
  m_Size: {x: 1.9, y: 2.8144822, z: 0.3513715}
  m_Center: {x: 0, y: 1.407241, z: 0}
--- !u!1 &1625771824216939788
GameObject:
  m_ObjectHideFlags: 0
  m_CorrespondingSourceObject: {fileID: 0}
  m_PrefabInstance: {fileID: 0}
  m_PrefabAsset: {fileID: 0}
  serializedVersion: 6
  m_Component:
  - component: {fileID: 5827205507967014093}
  - component: {fileID: 8521488779355404636}
  - component: {fileID: 4696519558692922355}
  m_Layer: 0
  m_Name: RST_DoorTrigger(Clone)
  m_TagString: Untagged
  m_Icon: {fileID: 0}
  m_NavMeshLayer: 0
  m_StaticEditorFlags: 0
  m_IsActive: 1
--- !u!4 &5827205507967014093
Transform:
  m_ObjectHideFlags: 0
  m_CorrespondingSourceObject: {fileID: 0}
  m_PrefabInstance: {fileID: 0}
  m_PrefabAsset: {fileID: 0}
  m_GameObject: {fileID: 1625771824216939788}
  serializedVersion: 2
  m_LocalRotation: {x: -0, y: -0.7071068, z: -0, w: 0.7071068}
  m_LocalPosition: {x: -11.404004, y: -5.007001, z: 3.4299884}
  m_LocalScale: {x: 1, y: 1, z: 1}
  m_ConstrainProportionsScale: 0
  m_Children: []
  m_Father: {fileID: 3060765738981960212}
  m_LocalEulerAnglesHint: {x: 0, y: 90, z: 90}
--- !u!114 &8521488779355404636
MonoBehaviour:
  m_ObjectHideFlags: 0
  m_CorrespondingSourceObject: {fileID: 0}
  m_PrefabInstance: {fileID: 0}
  m_PrefabAsset: {fileID: 0}
  m_GameObject: {fileID: 1625771824216939788}
  m_Enabled: 1
  m_EditorHideFlags: 0
  m_Script: {fileID: 11500000, guid: 589cefcdf04290e4e91e43666044c586, type: 3}
  m_Name: 
  m_EditorClassIdentifier: 
--- !u!65 &4696519558692922355
BoxCollider:
  m_ObjectHideFlags: 0
  m_CorrespondingSourceObject: {fileID: 0}
  m_PrefabInstance: {fileID: 0}
  m_PrefabAsset: {fileID: 0}
  m_GameObject: {fileID: 1625771824216939788}
  m_Material: {fileID: 0}
  m_IncludeLayers:
    serializedVersion: 2
    m_Bits: 0
  m_ExcludeLayers:
    serializedVersion: 2
    m_Bits: 0
  m_LayerOverridePriority: 0
  m_IsTrigger: 1
  m_ProvidesContacts: 0
  m_Enabled: 1
  serializedVersion: 3
  m_Size: {x: 1.9, y: 2.8144822, z: 0.3513715}
  m_Center: {x: 0, y: 1.407241, z: 0}
--- !u!1 &8114612943517904022
GameObject:
  m_ObjectHideFlags: 0
  m_CorrespondingSourceObject: {fileID: 0}
  m_PrefabInstance: {fileID: 0}
  m_PrefabAsset: {fileID: 0}
  serializedVersion: 6
  m_Component:
  - component: {fileID: 365882545051151848}
  - component: {fileID: 6947542732019510921}
  m_Layer: 0
  m_Name: Point Light
  m_TagString: Untagged
  m_Icon: {fileID: 0}
  m_NavMeshLayer: 0
  m_StaticEditorFlags: 0
  m_IsActive: 1
--- !u!4 &365882545051151848
Transform:
  m_ObjectHideFlags: 0
  m_CorrespondingSourceObject: {fileID: 0}
  m_PrefabInstance: {fileID: 0}
  m_PrefabAsset: {fileID: 0}
  m_GameObject: {fileID: 8114612943517904022}
  serializedVersion: 2
  m_LocalRotation: {x: 0, y: 0, z: 0, w: 1}
  m_LocalPosition: {x: 6.57, y: -1.38, z: -2.92}
  m_LocalScale: {x: 1, y: 1, z: 1}
  m_ConstrainProportionsScale: 0
  m_Children: []
  m_Father: {fileID: 3060765738981960212}
  m_LocalEulerAnglesHint: {x: 0, y: 0, z: 0}
--- !u!108 &6947542732019510921
Light:
  m_ObjectHideFlags: 0
  m_CorrespondingSourceObject: {fileID: 0}
  m_PrefabInstance: {fileID: 0}
  m_PrefabAsset: {fileID: 0}
  m_GameObject: {fileID: 8114612943517904022}
  m_Enabled: 1
  serializedVersion: 10
  m_Type: 2
  m_Shape: 0
  m_Color: {r: 1, g: 1, b: 1, a: 1}
  m_Intensity: 1
  m_Range: 22.67
  m_SpotAngle: 30
  m_InnerSpotAngle: 21.80208
  m_CookieSize: 10
  m_Shadows:
    m_Type: 0
    m_Resolution: -1
    m_CustomResolution: -1
    m_Strength: 1
    m_Bias: 0.05
    m_NormalBias: 0.4
    m_NearPlane: 0.2
    m_CullingMatrixOverride:
      e00: 1
      e01: 0
      e02: 0
      e03: 0
      e10: 0
      e11: 1
      e12: 0
      e13: 0
      e20: 0
      e21: 0
      e22: 1
      e23: 0
      e30: 0
      e31: 0
      e32: 0
      e33: 1
    m_UseCullingMatrixOverride: 0
  m_Cookie: {fileID: 0}
  m_DrawHalo: 0
  m_Flare: {fileID: 0}
  m_RenderMode: 0
  m_CullingMask:
    serializedVersion: 2
    m_Bits: 4294967295
  m_RenderingLayerMask: 1
  m_Lightmapping: 4
  m_LightShadowCasterMode: 0
  m_AreaSize: {x: 1, y: 1}
  m_BounceIntensity: 1
  m_ColorTemperature: 6570
  m_UseColorTemperature: 0
  m_BoundingSphereOverride: {x: 0, y: 0, z: 0, w: 0}
  m_UseBoundingSphereOverride: 0
  m_UseViewFrustumForShadowCasterCull: 1
  m_ShadowRadius: 0
  m_ShadowAngle: 0
--- !u!1 &8468568829313353265
GameObject:
  m_ObjectHideFlags: 0
  m_CorrespondingSourceObject: {fileID: 0}
  m_PrefabInstance: {fileID: 0}
  m_PrefabAsset: {fileID: 0}
  serializedVersion: 6
  m_Component:
  - component: {fileID: 3779017625901629899}
  - component: {fileID: 8159833094264985199}
  - component: {fileID: 5245454955489827190}
  m_Layer: 0
  m_Name: RST_DoorTrigger(Clone)
  m_TagString: Untagged
  m_Icon: {fileID: 0}
  m_NavMeshLayer: 0
  m_StaticEditorFlags: 0
  m_IsActive: 1
--- !u!4 &3779017625901629899
Transform:
  m_ObjectHideFlags: 0
  m_CorrespondingSourceObject: {fileID: 0}
  m_PrefabInstance: {fileID: 0}
  m_PrefabAsset: {fileID: 0}
  m_GameObject: {fileID: 8468568829313353265}
  serializedVersion: 2
  m_LocalRotation: {x: -0, y: -0.7071073, z: -0, w: 0.70710635}
  m_LocalPosition: {x: -11.403996, y: 0.3910005, z: -3.309012}
  m_LocalScale: {x: 1, y: 1, z: 1}
  m_ConstrainProportionsScale: 0
  m_Children: []
  m_Father: {fileID: 3060765738981960212}
  m_LocalEulerAnglesHint: {x: 0, y: 90, z: 90}
--- !u!114 &8159833094264985199
MonoBehaviour:
  m_ObjectHideFlags: 0
  m_CorrespondingSourceObject: {fileID: 0}
  m_PrefabInstance: {fileID: 0}
  m_PrefabAsset: {fileID: 0}
  m_GameObject: {fileID: 8468568829313353265}
  m_Enabled: 1
  m_EditorHideFlags: 0
  m_Script: {fileID: 11500000, guid: 589cefcdf04290e4e91e43666044c586, type: 3}
  m_Name: 
  m_EditorClassIdentifier: 
--- !u!65 &5245454955489827190
BoxCollider:
  m_ObjectHideFlags: 0
  m_CorrespondingSourceObject: {fileID: 0}
  m_PrefabInstance: {fileID: 0}
  m_PrefabAsset: {fileID: 0}
  m_GameObject: {fileID: 8468568829313353265}
  m_Material: {fileID: 0}
  m_IncludeLayers:
    serializedVersion: 2
    m_Bits: 0
  m_ExcludeLayers:
    serializedVersion: 2
    m_Bits: 0
  m_LayerOverridePriority: 0
  m_IsTrigger: 1
  m_ProvidesContacts: 0
  m_Enabled: 1
  serializedVersion: 3
  m_Size: {x: 1.9, y: 2.8144822, z: 0.3513715}
  m_Center: {x: 0, y: 1.407241, z: 0}
--- !u!1001 &3310356026675023359
PrefabInstance:
  m_ObjectHideFlags: 0
  serializedVersion: 2
  m_Modification:
    serializedVersion: 3
    m_TransformParent: {fileID: 0}
    m_Modifications:
    - target: {fileID: -8679921383154817045, guid: 0950938822901f24997ab7714d97041f, type: 3}
      propertyPath: m_LocalPosition.x
      value: -4.497183
      objectReference: {fileID: 0}
    - target: {fileID: -8679921383154817045, guid: 0950938822901f24997ab7714d97041f, type: 3}
      propertyPath: m_LocalPosition.y
      value: 0
      objectReference: {fileID: 0}
    - target: {fileID: -8679921383154817045, guid: 0950938822901f24997ab7714d97041f, type: 3}
      propertyPath: m_LocalPosition.z
      value: 18.771456
      objectReference: {fileID: 0}
    - target: {fileID: -8679921383154817045, guid: 0950938822901f24997ab7714d97041f, type: 3}
      propertyPath: m_LocalRotation.w
      value: 1
      objectReference: {fileID: 0}
    - target: {fileID: -8679921383154817045, guid: 0950938822901f24997ab7714d97041f, type: 3}
      propertyPath: m_LocalRotation.x
      value: 0
      objectReference: {fileID: 0}
    - target: {fileID: -8679921383154817045, guid: 0950938822901f24997ab7714d97041f, type: 3}
      propertyPath: m_LocalRotation.y
      value: 0
      objectReference: {fileID: 0}
    - target: {fileID: -8679921383154817045, guid: 0950938822901f24997ab7714d97041f, type: 3}
      propertyPath: m_LocalRotation.z
      value: 0
      objectReference: {fileID: 0}
    - target: {fileID: -8679921383154817045, guid: 0950938822901f24997ab7714d97041f, type: 3}
      propertyPath: m_LocalEulerAnglesHint.x
      value: 0
      objectReference: {fileID: 0}
    - target: {fileID: -8679921383154817045, guid: 0950938822901f24997ab7714d97041f, type: 3}
      propertyPath: m_LocalEulerAnglesHint.y
      value: 0
      objectReference: {fileID: 0}
    - target: {fileID: -8679921383154817045, guid: 0950938822901f24997ab7714d97041f, type: 3}
      propertyPath: m_LocalEulerAnglesHint.z
      value: 0
      objectReference: {fileID: 0}
    - target: {fileID: -7511558181221131132, guid: 0950938822901f24997ab7714d97041f, type: 3}
      propertyPath: m_Materials.Array.data[1]
      value: 
      objectReference: {fileID: 2100000, guid: 7fbf7a0ba5fa9ff4090cb5d95dc73016, type: 2}
    - target: {fileID: 919132149155446097, guid: 0950938822901f24997ab7714d97041f, type: 3}
      propertyPath: m_Name
      value: PF_Room03
      objectReference: {fileID: 0}
    m_RemovedComponents: []
    m_RemovedGameObjects: []
    m_AddedGameObjects:
    - targetCorrespondingSourceObject: {fileID: -8679921383154817045, guid: 0950938822901f24997ab7714d97041f, type: 3}
      insertIndex: -1
      addedObject: {fileID: 365882545051151848}
    - targetCorrespondingSourceObject: {fileID: -8679921383154817045, guid: 0950938822901f24997ab7714d97041f, type: 3}
      insertIndex: -1
      addedObject: {fileID: 1297109348434320443}
    - targetCorrespondingSourceObject: {fileID: -8679921383154817045, guid: 0950938822901f24997ab7714d97041f, type: 3}
      insertIndex: -1
      addedObject: {fileID: 1510190828501885731}
    - targetCorrespondingSourceObject: {fileID: -8679921383154817045, guid: 0950938822901f24997ab7714d97041f, type: 3}
      insertIndex: -1
      addedObject: {fileID: 3779017625901629899}
    - targetCorrespondingSourceObject: {fileID: -8679921383154817045, guid: 0950938822901f24997ab7714d97041f, type: 3}
      insertIndex: -1
      addedObject: {fileID: 5827205507967014093}
    m_AddedComponents: []
  m_SourcePrefab: {fileID: 100100000, guid: 0950938822901f24997ab7714d97041f, type: 3}
--- !u!4 &3060765738981960212 stripped
Transform:
  m_CorrespondingSourceObject: {fileID: -8679921383154817045, guid: 0950938822901f24997ab7714d97041f, type: 3}
  m_PrefabInstance: {fileID: 3310356026675023359}
  m_PrefabAsset: {fileID: 0}
